<record xmlns="http://www.loc.gov/MARC21/slim" xmlns:xsi="http://www.w3.org/2001/XMLSchema-instance" xsi:schemaLocation="http://www.loc.gov/MARC21/slim http://www.loc.gov/standards/marcxml/schema/MARC21slim.xsd">

  <leader>00663nam a2200169Ia 4500</leader>
  <datafield ind2=" " ind1=" " tag="999">
    <subfield code="c">2145</subfield>
    <subfield code="d">2145</subfield>
  </datafield>
  <controlfield tag="008">180717b1994    cr ||||| |||| 00| | spa d</controlfield>
  <datafield ind2=" " ind1=" " tag="090">
    <subfield code="a">14.02.03 </subfield>
    <subfield code="b">553</subfield>
  </datafield>
  <datafield tag="111" ind2=" " ind1=" ">
    <subfield code="a">Congreso Internacional Interdisciplinario de la Mujer (5° : 1994 : San José, C.R)</subfield>
    <subfield code="9">4077</subfield>
  </datafield>
  <datafield tag="245" ind1=" " ind2=" ">
    <subfield code="a">Memoria = report / </subfield>
    <subfield code="c">Congreso Internacional Interdisciplinario de la Mujer (5° : 1994 : San José, C.R)</subfield>
  </datafield>
  <datafield ind1=" " ind2=" " tag="260">
    <subfield code="a">San José, Costa Rica :  </subfield>
    <subfield code="b">Universidad de Costa Rica, Vicerrectoría de Docencia, </subfield>
    <subfield code="c">1994</subfield>
  </datafield>
  <datafield ind1=" " ind2=" " tag="300">
    <subfield code="a">198 páginas</subfield>
  </datafield>
  <datafield tag="650" ind2="4" ind1="1">
    <subfield code="a">MUJERES</subfield>
    <subfield code="9">55</subfield>
  </datafield>
  <datafield tag="650" ind2="4" ind1="1">
    <subfield code="a">CAPACITACIÓN</subfield>
    <subfield code="9">729</subfield>
  </datafield>
  <datafield ind1="1" ind2="4" tag="650">
    <subfield code="a">ROL DE LA MUJER</subfield>
    <subfield code="9">4078</subfield>
  </datafield>
  <datafield ind1="1" ind2="4" tag="650">
    <subfield code="a">IGUALDAD DE GÉNERO </subfield>
    <subfield code="9">956</subfield>
  </datafield>
  <datafield ind2=" " ind1=" " tag="942">
    <subfield code="2">z</subfield>
    <subfield code="c">01</subfield>
  </datafield>
</record>